<record><leader>00000cas a2200000 a 4500</leader><controlfield tag="001">28359687</controlfield><controlfield tag="008">930630c19909999nyuwr ne      0   a0eng c</controlfield><datafield ind1=" " ind2=" " tag="010"><subfield code="a">sn 93002250 </subfield></datafield><datafield ind1=" " ind2=" " tag="040"><subfield code="a">NSD</subfield><subfield code="b">eng</subfield><subfield code="c">NSD</subfield><subfield code="d">OCL</subfield><subfield code="d">MHN</subfield><subfield code="d">NYS</subfield><subfield code="d">CRU</subfield><subfield code="d">OCLCQ</subfield><subfield code="d">OCLCO</subfield></datafield><datafield ind1=" " ind2=" " tag="012"><subfield code="m">y</subfield></datafield><datafield ind1="0" ind2=" " tag="022"><subfield code="a">1070-4205</subfield><subfield code="l">1070-4205</subfield><subfield code="y">0043-809X</subfield><subfield code="2">1</subfield></datafield><datafield ind1="1" ind2=" " tag="029"><subfield code="a">AU@</subfield><subfield code="b">000020349476</subfield></datafield><datafield ind1=" " ind2=" " tag="032"><subfield code="a">053990</subfield><subfield code="b">USPS</subfield></datafield><datafield ind1=" " ind2=" " tag="037"><subfield code="b">WW Publishers, 55 W. 17th St., New York, NY 10010</subfield></datafield><datafield ind1="0" ind2=" " tag="041"><subfield code="a">engspa</subfield></datafield><datafield ind1=" " ind2=" " tag="042"><subfield code="a">nsdp</subfield><subfield code="a">pcc</subfield></datafield><datafield ind1=" " ind2=" " tag="043"><subfield code="a">n-us-ny</subfield></datafield><datafield ind1="1" ind2="4" tag="050"><subfield code="a">HD4802</subfield><subfield code="b">.W64</subfield></datafield><datafield ind1=" " ind2="0" tag="222"><subfield code="a">Workers world WW</subfield></datafield><datafield ind1="0" ind2="0" tag="245"><subfield code="a">Workers world WW.</subfield></datafield><datafield ind1="3" ind2="0" tag="246"><subfield code="a">Workers world</subfield></datafield><datafield ind1="1" ind2="1" tag="246"><subfield code="a">Mundo obrero</subfield></datafield><datafield ind1="1" ind2="3" tag="246"><subfield code="a">WW</subfield></datafield><datafield ind1=" " ind2=" " tag="260"><subfield code="a">New York, N.Y. :</subfield><subfield code="b">WW Publishers,</subfield><subfield code="c">1990-</subfield></datafield><datafield ind1=" " ind2=" " tag="300"><subfield code="a">v. :</subfield><subfield code="b">ill. ;</subfield><subfield code="c">40 cm.</subfield></datafield><datafield ind1=" " ind2=" " tag="310"><subfield code="a">Weekly</subfield></datafield><datafield ind1="0" ind2=" " tag="362"><subfield code="a">Vol. 32, no. 14 (Apr. 5, 1990)-</subfield></datafield><datafield ind1=" " ind2=" " tag="500"><subfield code="a">"Workers and Oppressed Peoples of the World Unite!"</subfield></datafield><datafield ind1=" " ind2=" " tag="500"><subfield code="a">Front page and selected articles printed in Spanish in the back pages of the paper.</subfield></datafield><datafield ind1=" " ind2=" " tag="500"><subfield code="a">Parallel title: Mundo obrero</subfield></datafield><datafield ind1=" " ind2=" " tag="546"><subfield code="a">Some articles in Spanish, Parallel title in Spanish in masthead.</subfield></datafield><datafield ind1="2" ind2="0" tag="610"><subfield code="a">Workers World Party.</subfield></datafield><datafield ind1=" " ind2="0" tag="650"><subfield code="a">Working class</subfield><subfield code="x">Political activity</subfield><subfield code="z">United States</subfield><subfield code="v">Newspapers.</subfield></datafield><datafield ind1=" " ind2="0" tag="650"><subfield code="a">Hispanic Americans</subfield><subfield code="x">Political activity</subfield><subfield code="v">Newspapers.</subfield></datafield><datafield ind1=" " ind2="0" tag="651"><subfield code="a">New York (N.Y.)</subfield><subfield code="v">Newspapers.</subfield></datafield><datafield ind1=" " ind2="0" tag="651"><subfield code="a">New York County (N.Y.)</subfield><subfield code="v">Newspapers.</subfield></datafield><datafield ind1="2" ind2=" " tag="710"><subfield code="a">Workers World Party.</subfield></datafield><datafield ind1=" " ind2=" " tag="752"><subfield code="a">United States</subfield><subfield code="b">New York</subfield><subfield code="c">New York</subfield><subfield code="d">New York.</subfield></datafield><datafield ind1="0" ind2="0" tag="780"><subfield code="t">Workers world</subfield><subfield code="x">0043-809X</subfield><subfield code="w">(DLC)sn 78001839</subfield><subfield code="w">(OCoLC)3967813</subfield></datafield><datafield ind1="4" ind2="1" tag="856"><subfield code="u">http://www.workers.org</subfield></datafield><datafield ind1=" " ind2=" " tag="936"><subfield code="a">Vol. 43, no. 11 (Mar. 15, 2001) LIC</subfield></datafield></record>